{"btc_usd":[{"type":"ask","price":62700,"amount":0.00082102,"tid":205152993,"timestamp":1635420731},{"type":"bid","price":63068.95070527,"amount":0.02060863,"tid":205152992,"timestamp":1635420493},{"type":"bid","price":63068.95070527,"amount":0.11747388,"tid":205152991,"timestamp":1635420486},{"type":"bid","price":63000,"amount":0.00010232,"tid":205152990,"timestamp":1635420486},{"type":"bid","price":63000,"amount":0.00010544,"tid":205152989,"timestamp":1635420486},{"type":"bid","price":63000,"amount":0.00365049,"tid":205152988,"timestamp":1635420486},{"type":"bid","price":63000,"amount":0.00101,"tid":205152987,"timestamp":1635420486},{"type":"ask","price":62700.000001,"amount":0.00101,"tid":205152986,"timestamp":1635420302},{"type":"bid","price":63650,"amount":0.00192396,"tid":205152985,"timestamp":1635420258},{"type":"bid","price":63700,"amount":0.00256766,"tid":205152984,"timestamp":1635420237},{"type":"bid","price":63700,"amount":0.05216124,"tid":205152983,"timestamp":1635420202},{"type":"bid","price":63699.999,"amount":0.00017113,"tid":205152982,"timestamp":1635420202},{"type":"bid","price":63600,"amount":0.001,"tid":205152981,"timestamp":1635420202},{"type":"bid","price":63537.79981998,"amount":0.011,"tid":205152980,"timestamp":1635420202},{"type":"bid","price":63537.79981998,"amount":0.00014626,"tid":205152979,"timestamp":1635420202},{"type":"bid","price":63511.35,"amount":0.0001002,"tid":205152978,"timestamp":1635420202},{"type":"bid","price":63500,"amount":0.02210888,"tid":205152977,"timestamp":1635420202},{"type":"bid","price":63500,"amount":0.0001,"tid":205152976,"timestamp":1635420201},{"type":"bid","price":63500,"amount":0.0001,"tid":205152975,"timestamp":1635420201},{"type":"bid","price":63450.99992,"amount":0.0005244,"tid":205152974,"timestamp":1635420201},{"type":"bid","price":63350,"amount":0.0002,"tid":205152973,"timestamp":1635420201},{"type":"bid","price":63323,"amount":0.02161998,"tid":205152972,"timestamp":1635420201},{"type":"bid","price":63139,"amount":0.00040624,"tid":205152971,"timestamp":1635420201},{"type":"bid","price":63123,"amount":0.00071626,"tid":205152970,"timestamp":1635420201},{"type":"bid","price":63101.00004,"amount":0.01652837,"tid":205152969,"timestamp":1635420201},{"type":"bid","price":63100,"amount":0.001,"tid":205152968,"timestamp":1635420201},{"type":"bid","price":63087.0902419,"amount":0.00011305,"tid":205152967,"timestamp":1635420201},{"type":"bid","price":63063.98440094,"amount":0.01678713,"tid":205152966,"timestamp":1635420201},{"type":"bid","price":63063.98439094,"amount":0.01455214,"tid":205152965,"timestamp":1635420201},{"type":"bid","price":63021.81620526,"amount":0.00158675,"tid":205152964,"timestamp":1635420201},{"type":"bid","price":63000,"amount":0.00255555,"tid":205152963,"timestamp":1635420201},{"type":"bid","price":63000,"amount":0.001,"tid":205152962,"timestamp":1635420200},{"type":"bid","price":63000,"amount":0.0001,"tid":205152961,"timestamp":1635420200},{"type":"bid","price":63000,"amount":0.00010221,"tid":205152960,"timestamp":1635420200},{"type":"bid","price":62975.58084934,"amount":0.00711971,"tid":205152959,"timestamp":1635420200},{"type":"bid","price":62975.58070934,"amount":0.01439611,"tid":205152958,"timestamp":1635420200},{"type":"bid","price":62975.58069934,"amount":0.01462651,"tid":205152957,"timestamp":1635420200},{"type":"bid","price":62975.58069934,"amount":0.01446253,"tid":205152956,"timestamp":1635420200},{"type":"bid","price":62975.58068934,"amount":0.01499067,"tid":205152955,"timestamp":1635420200},{"type":"bid","price":62868.95996,"amount":0.0001056,"tid":205152954,"timestamp":1635420200},{"type":"bid","price":62868.95996,"amount":0.00012225,"tid":205152953,"timestamp":1635420200},{"type":"bid","price":62868.95976,"amount":0.00010236,"tid":205152952,"timestamp":1635420200},{"type":"bid","price":62868.95976,"amount":0.00939447,"tid":205152951,"timestamp":1635420200},{"type":"bid","price":62700,"amount":0.00008165,"tid":205152950,"timestamp":1635420093},{"type":"bid","price":62700,"amount":0.00063795,"tid":205152949,"timestamp":1635419939},{"type":"ask","price":62324.26721796,"amount":0.02299994,"tid":205152948,"timestamp":1635419732},{"type":"ask","price":62486.00015,"amount":0.00000006,"tid":205152947,"timestamp":1635419732},{"type":"ask","price":62486.00015,"amount":0.00012219,"tid":205152946,"timestamp":1635419713},{"type":"ask","price":62486.00015001,"amount":0.01348434,"tid":205152945,"timestamp":1635419713},{"type":"ask","price":62498.95275616,"amount":0.00064001,"tid":205152944,"timestamp":1635419190},{"type":"ask","price":62498.95275616,"amount":0.00064001,"tid":205152943,"timestamp":1635419186},{"type":"ask","price":62501.00691911,"amount":0.00063998,"tid":205152942,"timestamp":1635419177},{"type":"ask","price":62501.00691911,"amount":0.00064014,"tid":205152941,"timestamp":1635419173},{"type":"ask","price":62501.00691911,"amount":0.00064014,"tid":205152940,"timestamp":1635419169},{"type":"bid","price":62486.00026,"amount":0.00064014,"tid":205152939,"timestamp":1635419168},{"type":"ask","price":62486.00015001,"amount":0.00064014,"tid":205152938,"timestamp":1635419165},{"type":"ask","price":62486.00015001,"amount":0.00064014,"tid":205152937,"timestamp":1635419160},{"type":"ask","price":62842.49448027,"amount":0.00029334,"tid":205152936,"timestamp":1635419136},{"type":"bid","price":62900,"amount":0.00031234,"tid":205152935,"timestamp":1635418952},{"type":"ask","price":62486.00015001,"amount":0.0002366,"tid":205152934,"timestamp":1635418785},{"type":"ask","price":62547.37367138,"amount":0.00193605,"tid":205152933,"timestamp":1635418769},{"type":"bid","price":62900,"amount":0.00015866,"tid":205152932,"timestamp":1635418725},{"type":"bid","price":62900,"amount":0.00067132,"tid":205152931,"timestamp":1635418686},{"type":"bid","price":62868.95996,"amount":0.000122,"tid":205152930,"timestamp":1635418686},{"type":"ask","price":62486.00015,"amount":0.000122,"tid":205152929,"timestamp":1635418559},{"type":"bid","price":62900,"amount":0.00040303,"tid":205152928,"timestamp":1635418523},{"type":"bid","price":62975.57999,"amount":0.00022749,"tid":205152927,"timestamp":1635418478},{"type":"bid","price":62975.57999,"amount":0.0001626,"tid":205152926,"timestamp":1635418459},{"type":"bid","price":62868.95996,"amount":0.00012175,"tid":205152925,"timestamp":1635418456},{"type":"bid","price":62380.09260923,"amount":0.00023774,"tid":205152924,"timestamp":1635418448},{"type":"bid","price":62380.09260923,"amount":0.00079676,"tid":205152923,"timestamp":1635418447},{"type":"ask","price":62486.00015,"amount":0.00008434,"tid":205152922,"timestamp":1635418446},{"type":"ask","price":62486.00015,"amount":0.00003741,"tid":205152921,"timestamp":1635418445},{"type":"ask","price":62585.00000001,"amount":0.0004484,"tid":205152920,"timestamp":1635418445},{"type":"bid","price":62868.95996,"amount":0.0001215,"tid":205152919,"timestamp":1635418425},{"type":"ask","price":62483.42186812,"amount":0.15790959,"tid":205152918,"timestamp":1635418121},{"type":"ask","price":62486.00015,"amount":0.0001215,"tid":205152917,"timestamp":1635418120},{"type":"ask","price":62526.20548415,"amount":0.00055478,"tid":205152916,"timestamp":1635418120},{"type":"ask","price":62584.83899098,"amount":0.01446253,"tid":205152915,"timestamp":1635418120},{"type":"ask","price":62584.83899098,"amount":0.01455214,"tid":205152914,"timestamp":1635418120},{"type":"ask","price":62584.83899098,"amount":0.01289322,"tid":205152913,"timestamp":1635418120},{"type":"ask","price":62584.83900098,"amount":0.0147862,"tid":205152912,"timestamp":1635418120},{"type":"ask","price":62584.83900098,"amount":0.01462651,"tid":205152911,"timestamp":1635418120},{"type":"ask","price":62900,"amount":0.0181478,"tid":205152910,"timestamp":1635418120},{"type":"ask","price":62900.00000001,"amount":0.00072078,"tid":205152909,"timestamp":1635418120},{"type":"ask","price":62900.00000001,"amount":0.00122495,"tid":205152908,"timestamp":1635418120},{"type":"bid","price":62975.58084934,"amount":0.00152001,"tid":205152907,"timestamp":1635418065},{"type":"ask","price":62900.00000001,"amount":0.00011756,"tid":205152906,"timestamp":1635417997},{"type":"bid","price":62975.58084934,"amount":0.0005238,"tid":205152905,"timestamp":1635417947},{"type":"bid","price":62975.58084934,"amount":0.00016573,"tid":205152904,"timestamp":1635417382},{"type":"ask","price":62900,"amount":0.00247778,"tid":205152903,"timestamp":1635417233},{"type":"ask","price":62900.00000001,"amount":0.00056708,"tid":205152902,"timestamp":1635417233},{"type":"ask","price":62900,"amount":0.00068034,"tid":205152901,"timestamp":1635416639},{"type":"ask","price":62900,"amount":0.00054553,"tid":205152900,"timestamp":1635416621},{"type":"ask","price":62900,"amount":0.01246451,"tid":205152899,"timestamp":1635416604},{"type":"ask","price":62905.58084934,"amount":0.0027553,"tid":205152898,"timestamp":1635416604},{"type":"ask","price":62905.58084934,"amount":0.00044571,"tid":205152897,"timestamp":1635416511},{"type":"ask","price":62905.58084934,"amount":0.00017801,"tid":205152896,"timestamp":1635416468},{"type":"ask","price":62905.58084934,"amount":0.001,"tid":205152895,"timestamp":1635416454},{"type":"ask","price":62905.58084934,"amount":0.001,"tid":205152894,"timestamp":1635416440},{"type":"bid","price":62999.99999,"amount":0.00189093,"tid":205152893,"timestamp":1635416295},{"type":"ask","price":62905.58084934,"amount":0.0004484,"tid":205152892,"timestamp":1635416266},{"type":"bid","price":62905.58084934,"amount":0.00004871,"tid":205152891,"timestamp":1635416108},{"type":"ask","price":62900,"amount":0.00092204,"tid":205152890,"timestamp":1635416013},{"type":"ask","price":62900,"amount":0.00090904,"tid":205152889,"timestamp":1635415967},{"type":"ask","price":62900,"amount":0.00023,"tid":205152888,"timestamp":1635415907},{"type":"bid","price":62905.58084934,"amount":0.00005672,"tid":205152887,"timestamp":1635415862},{"type":"bid","price":62905.58084934,"amount":0.00075933,"tid":205152886,"timestamp":1635415862},{"type":"ask","price":62900,"amount":0.00190094,"tid":205152885,"timestamp":1635415835},{"type":"ask","price":62900,"amount":0.00183718,"tid":205152884,"timestamp":1635415834},{"type":"ask","price":62900,"amount":0.00025708,"tid":205152883,"timestamp":1635415822},{"type":"bid","price":62905.58084934,"amount":0.0016,"tid":205152882,"timestamp":1635415775},{"type":"bid","price":62905.58084934,"amount":0.00021143,"tid":205152881,"timestamp":1635415774},{"type":"ask","price":62900,"amount":0.00078992,"tid":205152880,"timestamp":1635415650},{"type":"ask","price":62900,"amount":0.00078196,"tid":205152879,"timestamp":1635415650},{"type":"ask","price":62900,"amount":0.00377572,"tid":205152878,"timestamp":1635415648},{"type":"ask","price":62900,"amount":0.00294243,"tid":205152877,"timestamp":1635415648},{"type":"ask","price":62900,"amount":0.0012782,"tid":205152876,"timestamp":1635415647},{"type":"ask","price":62900,"amount":0.00026515,"tid":205152875,"timestamp":1635415647},{"type":"ask","price":62900,"amount":0.00017963,"tid":205152874,"timestamp":1635415643},{"type":"ask","price":62900,"amount":0.02840005,"tid":205152873,"timestamp":1635415640},{"type":"ask","price":62900,"amount":0.0002172,"tid":205152872,"timestamp":1635415638},{"type":"ask","price":62900,"amount":0.00094953,"tid":205152871,"timestamp":1635415614},{"type":"ask","price":62900,"amount":0.00035,"tid":205152870,"timestamp":1635415614},{"type":"bid","price":62888,"amount":0.00028733,"tid":205152869,"timestamp":1635415593},{"type":"bid","price":62888,"amount":0.00032579,"tid":205152868,"timestamp":1635415593},{"type":"bid","price":62884.2726165,"amount":0.00111294,"tid":205152867,"timestamp":1635415592},{"type":"bid","price":62884.27194766,"amount":0.001,"tid":205152866,"timestamp":1635415592},{"type":"bid","price":62884.27194766,"amount":0.00288967,"tid":205152865,"timestamp":1635415592},{"type":"bid","price":62884.27193766,"amount":0.01549965,"tid":205152864,"timestamp":1635415592},{"type":"ask","price":62793.3149227,"amount":0.00038903,"tid":205152863,"timestamp":1635415138},{"type":"ask","price":62793.3149227,"amount":0.00011033,"tid":205152862,"timestamp":1635415136},{"type":"ask","price":62884.2725765,"amount":0.00011033,"tid":205152861,"timestamp":1635415134},{"type":"bid","price":62884.2725765,"amount":0.00107833,"tid":205152860,"timestamp":1635415085},{"type":"bid","price":62884.2726065,"amount":0.00125228,"tid":205152859,"timestamp":1635415012},{"type":"bid","price":62868.95996,"amount":0.00012125,"tid":205152858,"timestamp":1635415012},{"type":"bid","price":62833,"amount":0.00010555,"tid":205152857,"timestamp":1635415012},{"type":"bid","price":62833,"amount":0.00010064,"tid":205152856,"timestamp":1635415012},{"type":"ask","price":62525.45528869,"amount":0.00506671,"tid":205152855,"timestamp":1635415000},{"type":"ask","price":62688.06419257,"amount":0.00231694,"tid":205152854,"timestamp":1635414947},{"type":"ask","price":62688.06419257,"amount":0.00060362,"tid":205152853,"timestamp":1635414935},{"type":"ask","price":62688.06419257,"amount":0.00062509,"tid":205152852,"timestamp":1635414925},{"type":"ask","price":62688.06419258,"amount":0.00015884,"tid":205152851,"timestamp":1635414925},{"type":"bid","price":62833,"amount":0.00009251,"tid":205152850,"timestamp":1635414913},{"type":"bid","price":62833,"amount":0.00051262,"tid":205152849,"timestamp":1635414913},{"type":"bid","price":62700,"amount":0.00010797,"tid":205152848,"timestamp":1635414913},{"type":"bid","price":62700,"amount":0.00010552,"tid":205152847,"timestamp":1635414913},{"type":"bid","price":62700,"amount":0.00016391,"tid":205152846,"timestamp":1635414913},{"type":"bid","price":62688.06419257,"amount":0.00010544,"tid":205152845,"timestamp":1635414768},{"type":"bid","price":62688.06419257,"amount":0.00010022,"tid":205152844,"timestamp":1635414768}]}